@article{hypreLLNL,
  author  = "Lawrence Livermore National Laboratory",
  title   = "Überblick Lawrence Livermore National Laboratory",
  year    = "zuletzt besucht am 28.06.2017",
  howpublished = "https://www.llnl.gov/"
},
@article{hypreCASC,
  author  = "Center for Applied Scientific Computing (Lawrence Livermore National Laboratory)",
  title   = "Überlick Center for Applied Scientific Computing",
  year    = "zuletzt besucht am 28.06.2017",
  howpublished = "https://computation.llnl.gov/casc"
},
@article{hypreDownload,
    author  = "Center for Applied Scientific Computing (Lawrence Livermore National Laboratory)",
    title   = "HYPRE Software Releases",
    year    = "zuletzt besucht am 28.06.2017",
    howpublished = "https://computation.llnl.gov/projects/hypre-scalable-linear-solvers-multigrid-methods/software"
},
@manual{hypreManual,
	title		= "User's Manual HYPRE",
	organization	= "Center for Applied Scientific Computing (Lawrence Livermore National Laboratory)",
	year		= "2017",
	month		= "03",
},
@manual{hypreReferenceManual,
	title		= "Reference Manual HYPRE",
	organization	= "Center for Applied Scientific Computing (Lawrence Livermore National Laboratory)",
	year		= "2017",
	month		= "03",
}

